<record><leader>00000cas a22000007a 4500</leader><controlfield tag="001">14708012</controlfield><controlfield tag="008">861113d18531869pauwr ne      0    0eng d</controlfield><datafield ind1=" " ind2=" " tag="010"><subfield code="a">sn 86081978 </subfield></datafield><datafield ind1=" " ind2=" " tag="040"><subfield code="a">NPH</subfield><subfield code="b">eng</subfield><subfield code="c">NPH</subfield><subfield code="d">OCLCQ</subfield></datafield><datafield ind1=" " ind2=" " tag="042"><subfield code="a">msc</subfield></datafield><datafield ind1="0" ind2=" " tag="130"><subfield code="a">Easton argus (Easton, Pa.)</subfield></datafield><datafield ind1="1" ind2="4" tag="245"><subfield code="a">The Easton argus.</subfield></datafield><datafield ind1=" " ind2=" " tag="260"><subfield code="a">[Easton, Pa.] :</subfield><subfield code="b">William H. Hutter,</subfield><subfield code="c">1853-1869.</subfield></datafield><datafield ind1=" " ind2=" " tag="300"><subfield code="a">17 v. :</subfield><subfield code="b">ill.</subfield></datafield><datafield ind1=" " ind2=" " tag="310"><subfield code="a">Weekly</subfield></datafield><datafield ind1="0" ind2=" " tag="362"><subfield code="a">Vol. 26, no. 48 (Feb. 10, 1853)-v. 42, no. 52 (Mar. 4, 1869).</subfield></datafield><datafield ind1=" " ind2=" " tag="752"><subfield code="a">United States</subfield><subfield code="b">Pennsylvania</subfield><subfield code="c">Northampton</subfield><subfield code="d">Easton.</subfield></datafield><datafield ind1="0" ind2="0" tag="780"><subfield code="t">Easton democrat and argus</subfield><subfield code="w">(DLC)sn 86081979</subfield></datafield><datafield ind1="0" ind2="0" tag="785"><subfield code="t">Easton weekly Argus</subfield><subfield code="w">(DLC)sn 83032032</subfield></datafield></record>